<?xml version="1.0" encoding="UTF-8"?><collection xmlns="http://www.loc.gov/MARC21/slim"><record><leader>00702nam--2200193-u-4500</leader><controlfield tag="001">000054248</controlfield><controlfield tag="002">20161230</controlfield><controlfield tag="005">20161230201051</controlfield><controlfield tag="008">110920s1000------------r-----000-0-eng-d</controlfield><datafield ind1=" " ind2=" " tag="040"><subfield code="a">IFIN-HH</subfield></datafield><datafield ind1=" " ind2=" " tag="080"><subfield code="a">537.84(061.3)</subfield></datafield><datafield ind1="1" ind2=" " tag="100"><subfield code="a">Mather, Norman.W</subfield></datafield><datafield ind1="1" ind2="0" tag="245"><subfield code="a">Engineering aspects of magnetohydrodynamics</subfield><subfield code="b">Proceedings of the third symposium on gineering aspects of magnetohydrodynamics held at the university of rochester on march 28 and 2, 1962</subfield><subfield code="c">Norman w. mather, george w. sutton (eds.)</subfield></datafield><datafield ind1=" " ind2=" " tag="260"><subfield code="a">New York</subfield><subfield code="b">Gordon And Breach Science Publishers</subfield><subfield code="c">1962</subfield></datafield><datafield ind1=" " ind2=" " tag="300"><subfield code="a">675P</subfield></datafield><datafield ind1=" " ind2=" " tag="490"><subfield code="a">Proceedings</subfield></datafield><datafield ind1="1" ind2=" " tag="700"><subfield code="a">Sutton, George W</subfield><subfield code="e">Ed</subfield></datafield><datafield ind1=" " ind2=" " tag="852"><subfield code="a">76103</subfield><subfield code="c">538.4</subfield></datafield><datafield ind1=" " ind2=" " tag="CAT"><subfield code="a">Sys</subfield><subfield code="c">20110920</subfield><subfield code="h">150205</subfield></datafield></record></collection>